@article{breiman2001random,
  title={Random forests},
  author={Breiman, Leo},
  journal={Machine Learning},
  volume={45},
  number={1},
  pages={5--32},
  year={2001},
  publisher={Springer}
}

@article{geurts2006extremely,
  title={Extremely randomized trees},
  author={Geurts, Pierre and Ernst, Damien and Wehenkel, Louis},
  journal={Machine Learning},
  volume={63},
  number={1},
  pages={3--42},
  year={2006},
  publisher={Springer}
}

@inproceedings{chen2016xgboost,
  title={{XGBoost}: A scalable tree boosting system},
  author={Chen, Tianqi and Guestrin, Carlos},
  booktitle={Proceedings of the 22nd ACM SIGKDD International Conference on Knowledge Discovery and Data Mining},
  pages={785--794},
  year={2016},
  organization={ACM}
}

@misc{lendingclub,
  author={LendingClub},
  title={{LendingClub} Statistics},
  note={\url{https://www.lendingclub.com/info/download-data.action}. Accessed February 1, 2018.}
}

@techreport{chen2004using,
  title={Using random forest to learn imbalanced data},
  author={Chen, Chao and Liaw, Andy and Breiman, Leo},
  year={2004},
  institution={University of California at Berkeley. Technical Report 666},
  number={666}
}

@techreport{diette2000how,
  title={How do lenders set interest rates on loans? {A} discussion of the concepts lenders use to determine interest rates},
  author={Diette, Matthew D},
  institution={Federal Reserve Bank of Minneapolis},
  year={2000},
  month={November}
}

@book{menard2018applied,
  title={Applied Logistic Regression Analysis},
  author={Menard, Scott},
  volume={106},
  year={2018},
  publisher={SAGE Publications}
}

@book{haykin2004neural,
  title={Neural Networks: A Comprehensive Foundation},
  author={Haykin, Simon},
  year={2004},
  publisher={Prentice Hall}
}

@article{pedregosa2011scikit,
  title={Scikit-learn: Machine learning in {P}ython},
  author={Pedregosa, Fabian and Varoquaux, Ga{\"e}l and Gramfort, Alexandre and Michel, Vincent and Thirion, Bertrand and Grisel, Olivier and Blondel, Mathieu and Prettenhofer, Peter and Weiss, Ron and Dubourg, Vincent and others},
  journal={Journal of Machine Learning Research},
  volume={12},
  number={Oct},
  pages={2825--2830},
  year={2011}
}

@inproceedings{seabold2010statsmodels,
  title={Statsmodels: Econometric and statistical modeling with {P}ython},
  author={Seabold, Skipper and Perktold, Josef},
  booktitle={Proceedings of the 9th Python in Science Conference},
  volume={57},
  pages={61},
  year={2010},
  organization={SciPy Society Austin}
}

@article{bradley1997use,
  title={The use of the area under the ROC curve in the evaluation of machine learning algorithms},
  author={Bradley, Andrew P},
  journal={Pattern recognition},
  volume={30},
  number={7},
  pages={1145--1159},
  year={1997},
  publisher={Elsevier}
}

